<record><leader>00000cas a22000007a 4500</leader><controlfield tag="001">19100718</controlfield><controlfield tag="008">890203d19671989moudn ne      0    0eng d</controlfield><datafield ind1=" " ind2=" " tag="010"><subfield code="a">sn 89066246 </subfield></datafield><datafield ind1=" " ind2=" " tag="040"><subfield code="a">MQN</subfield><subfield code="b">eng</subfield><subfield code="c">MQN</subfield><subfield code="d">OCLCQ</subfield></datafield><datafield ind1=" " ind2=" " tag="042"><subfield code="a">msc</subfield></datafield><datafield ind1="0" ind2=" " tag="130"><subfield code="a">Democrat-news (Marshall, Mo.)</subfield></datafield><datafield ind1="1" ind2="4" tag="245"><subfield code="a">The democrat-news.</subfield></datafield><datafield ind1=" " ind2=" " tag="260"><subfield code="a">Marshall, Mo. :</subfield><subfield code="b">Marshall Pub. Co.,</subfield><subfield code="c">1967-1989.</subfield></datafield><datafield ind1=" " ind2=" " tag="300"><subfield code="a">v.</subfield></datafield><datafield ind1=" " ind2=" " tag="310"><subfield code="a">Daily (except Sun.)</subfield></datafield><datafield ind1="0" ind2=" " tag="362"><subfield code="a">Vol. 88, no. 201 (Aug. 21, 1967)-v. 109, no. 75 (Mar. 30, 1989).</subfield></datafield><datafield ind1=" " ind2=" " tag="752"><subfield code="a">United States</subfield><subfield code="b">Missouri</subfield><subfield code="c">Saline</subfield><subfield code="d">Marshall.</subfield></datafield><datafield ind1="0" ind2="0" tag="780"><subfield code="t">Daily democrat-news (Marshall, Mo.)</subfield><subfield code="w">(DLC)sn 89066247</subfield></datafield><datafield ind1="0" ind2="0" tag="785"><subfield code="t">Marshall democrat-news</subfield><subfield code="w">(DLC)sn 89067115</subfield></datafield></record>